%% Created using Papers on Fri, 21 Mar 2014.
%% http://papersapp.com/papers/

@booklet{satuoli:1993uk,
title = {{民主新论}},
author = {{萨托利} and Sartori, Giovanni},
year = {1993}
}

@booklet{yue:2008wk,
title = {{中國近代史}},
author = {约, 徐中},
year = {2008}
}

@booklet{Huang:1997tj,
title = {{中国大历史}},
author = {Huang, Ray},
year = {1997}
}

